02RETORNO01COBRANCA       00000000000004249460METALURGICA POJDA LTDA        237BRADESCO       2810090160000000001                                                                                                                                                                                                                                                                          281009         000001
102794400950001140000009017050003288300000010101              000000000000000160150000000000000000000000000902281009000000160100000000000000016015301009000000006240023702055  000000000000000000000000000000000000000000000000000000000000000000000000000000000000000000000000000000000000000000000                          0000000000                                                                  000002
102794400950001140000009017050003288300000009701              000000000000000170110000000000000000000000000909281009000000170100000000000000017011251009000000009990023700546  000000000000000000000000000000000000000000000000000000000000000000000000000000000000999000000000000000000000000000000   281009                 0000000000                                                                  000003
102794400950001140000009017050003288300000010001              000000000000000190140000000000000000000000000902281009000000190100000000000000019014281009000000063510023700524  000000000000000000000000000000000000000000000000000000000000000000000000000000000000000000000000000000000000000000000                          0000000000                                                                  000004
102794400950001140000009017050003288300000010901              000000000000000900100000000000000000000000000902281009000000900100000000000000090010231009000000002200023700546  000000000000000000000000000000000000000000000000000000000000000000000000000000000000000000000000000000000000000000000                          0000000000                                                                  000005
102794400950001140000009017050003288300000010801              000000000000000990180000000000000000000000000902281009000000990100000000000000099018291009000000001000023700383  000000000000000000000000000000000000000000000000000000000000000000000000000000000000000000000000000000000000000000000                          0000000000                                                                  000006
102794400950001140000009017050003288300000012301              000000000000065110180000000000000000000000000902281009000065110100000000000006511018241009000000002250023700049  000000000000000000000000000000000000000000000000000000000000000000000000000000000000000000000000000000000000000000000                          0000000000                                                                  000007
102794400950001140000009017050003288300000008801              000000000000065640140000000000000000000000000902281009000065640100000000000006564014221009000000004100023700452  000000000000000000000000000000000000000000000000000000000000000000000000000000000000000000000000000000000000000000000                          0000000000                                                                  000008
102794400950001140000009017050003288300000008901              000000000000065760120000000000000000000000000902281009000065760100000000000006576012311009000000012585023700268  000000000000000000000000000000000000000000000000000000000000000000000000000000000000000000000000000000000000000000000                          0000000000                                                                  000009
102794400950001140000009017050003288300000009901              000000000000000110130000000000000000000000000924281009000000110100000000000000011013271009000000013650023700000  000000000000000000000000000000000000000000000000000000000000000000000000000000000000000000000000000000000000000000000                          4800000000                                                                  000010
102794400950001140000009017050003288300000009801              000000000000000140120000000000000000000000000924281009000000140100000000000000014012261009000000012000023700000  000000000000000000000000000000000000000000000000000000000000000000000000000000000000000000000000000000000000000000000                          4800000000                                                                  000011
9201237          000000080000000101875000000001          00008000001018750000000000000000000000000000000000000000000000000000000000000000000000000000000000000000000000000000000000000000000                                                                                                                                                                              00000000000000000000000         000012

caixa


10400000         2794400950001143915870000001095    03915208700000010925METALURGICA POJDA LTDA        CAIXA ECONOMICA FEDERAL                 20511200901252700122703000000                                                      000            
10400011T0100020 20794400950001143915870000001095    03915208700000010925METALURGICA POJDA LTDA                                                                                        000012270511200900000000                                 
1040001300001T 0603915208700000010925         870068680161               081120090000000001085143990104468000000006868012         0900000000000000008000000006868012                                  0000000000002280401010000                 
1040001300002U 06000000000000000000000000000000000000000000000000000000000000000000000108514000000000108286000000000000000000000000000000051120090611200906112009                                                                               
1040001300003T 0603915208700000010925         870068970161               071120090000000001970941040412388000000006897012         0900000000000000008000000006897012                                  0000000000002240301000000                 
1040001300004U 06000000000000000000000000000000000000000000000000000000000000000000000197094000000000196870000000000000000000000000000000051120090511200905112009                                                                               
10400015         00000600000000000000000000000                       0000000000000000000000000000000000000000000000                                                                                                                             
10499999         000001000008                                                                                                                                                                                                                   
